@misc{Pos023,
author = {PostgreSQL},
title = {{Postgresql}},
url = {https://www.postgresql.org.pl/},
urldate = {2023-01-10}
}
@misc{Sym2023,
    author = {Symfony},
    title = {{Symfony}},
    url = {https://www.symfony.com/},
    urldate = {2023-01-10}
}
@misc{Php2023,
    author = {PHP},
    title = {{PHP}},
    url = {https://www.php.net/},
    urldate = {2023-01-10}
}
@misc{Bootstrap2023,
    author = {Bootstrap},
    title = {{Bootstrap}},
    url = {https://www.getbootstrap.com/},
    urldate = {2023-01-10}
}
@misc{WebSpeechApi,
    author = {WebSpeechApi},
    title = {{WebSpechApi}},
    url = {https://dvcs.w3.org/hg/speech-api/raw-file/tip/webspeechapi},
    urldate = {2024-01-10}
}
